<?xml version="1.0" encoding="UTF-8"?><collection xmlns="http://www.loc.gov/MARC21/slim"><record><leader>00446nam--2200169-i-4500</leader><controlfield tag="001">000043556</controlfield><controlfield tag="002">20161230</controlfield><controlfield tag="005">20161230201044</controlfield><controlfield tag="008">060222s1000------------r-----000-0-eng-d</controlfield><datafield ind1=" " ind2=" " tag="040"><subfield code="a">IFIN-HH</subfield></datafield><datafield ind1=" " ind2=" " tag="080"><subfield code="a">519.217(076.1/2)</subfield></datafield><datafield ind1="1" ind2=" " tag="100"><subfield code="a">Takacs,L</subfield></datafield><datafield ind1="1" ind2="0" tag="245"><subfield code="a">Stochastic processes</subfield><subfield code="b">Problems and solutions</subfield><subfield code="c">L. Takacs</subfield></datafield><datafield ind1=" " ind2=" " tag="260"><subfield code="a">London, Methuen And Co.Ltd.,1960</subfield></datafield><datafield ind1=" " ind2=" " tag="300"><subfield code="a">XI + 137 P</subfield></datafield><datafield ind1=" " ind2=" " tag="852"><subfield code="a">75376</subfield><subfield code="c">519.2</subfield></datafield><datafield ind1=" " ind2=" " tag="CAT"><subfield code="a">Sys</subfield><subfield code="c">20100616</subfield><subfield code="h">140752</subfield></datafield></record></collection>